+------------------------------------------------------------------------------+
|                   Main-BibTex Datei für dieses Dokument.                     |
+------------------------------------------------------------------------------+

Bibtex unterscheided zwischen innerhalb eines Eintrags und Ausserhalb. Deswegen
ist alles ausserhalb des ät-zeichens ein Kommentar.

+------------------------------------------------------------------------------+

@online{nao:api,
    author = "Aldebaran",
    title = "NAOqi Python API",
    month = "1",
    year = {2016},
    url = {http://doc.aldebaran.com/2-1/ref/python-api.html},
}

@online{github:motbox,
    author = "akaifi",
    title = "MultiObjectTrackingBasedOnColor",
    month = "1",
    year = {2016},
    url = {https://github.com/akaifi/MultiObjectTrackingBasedOnColor},
}

